%# -*- coding: utf-8-unix -*-

@inproceedings{wang2003multiscale,
  title={Multiscale structural similarity for image quality assessment},
  author={Wang, Zhou and Simoncelli, Eero P and Bovik, Alan C},
  booktitle={Signals, Systems and Computers, 2004. Conference Record of the Thirty-Seventh Asilomar Conference on},
  volume={2},
  pages={1398--1402},
  year={2003},
  organization={Ieee}
}

@article{saad2012blind,
  title={Blind image quality assessment: A natural scene statistics approach in the DCT domain},
  author={Saad, Michele A and Bovik, Alan C and Charrier, Christophe},
  journal={Image Processing, IEEE Transactions on},
  volume={21},
  number={8},
  pages={3339--3352},
  year={2012},
  publisher={IEEE}
}

@article{liu2012image,
  title={Image quality assessment based on gradient similarity},
  author={Liu, Anmin and Lin, Weisi and Narwaria, Manish},
  journal={Image Processing, IEEE Transactions on},
  volume={21},
  number={4},
  pages={1500--1512},
  year={2012},
  publisher={IEEE}
}

@inproceedings{wang2002no,
  title={No-reference perceptual quality assessment of JPEG compressed images},
  author={Wang, Zhou and Sheikh, Hamid R and Bovik, Alan C},
  booktitle={Image Processing. 2002. Proceedings. 2002 International Conference on},
  volume={1},
  pages={I--477},
  year={2002},
  organization={IEEE}
}

@article{zhang2011fsim,
  title={FSIM: a feature similarity index for image quality assessment},
  author={Zhang, Lin and Zhang, Lei and Mou, Xuanqin and Zhang, David},
  journal={Image Processing, IEEE Transactions on},
  volume={20},
  number={8},
  pages={2378--2386},
  year={2011},
  publisher={IEEE}
}

@article{wang2004video,
  title={Video quality assessment based on structural distortion measurement},
  author={Wang, Zhou and Lu, Ligang and Bovik, Alan C},
  journal={Signal processing: Image communication},
  volume={19},
  number={2},
  pages={121--132},
  year={2004},
  publisher={Elsevier}
}

@inproceedings{chen2006gradient,
  title={Gradient-based structural similarity for image quality assessment},
  author={Chen, Guan-Hao and Yang, Chun-Ling and Xie, Sheng-Li},
  booktitle={Image Processing, 2006 IEEE International Conference on},
  pages={2929--2932},
  year={2006},
  organization={IEEE}
}

@inproceedings{fliegel2008eyetracking,
  title={Eyetracking based approach to objective image quality assessment},
  author={Fliegel, Karel},
  booktitle={Security Technology, 2008. ICCST 2008. 42nd Annual IEEE International Carnahan Conference on},
  pages={371--376},
  year={2008},
  organization={IEEE}
}

@inproceedings{gide2012comparative,
  title={Comparative evaluation of visual saliency models for quality assessment task},
  author={Gide, Milind S and Karam, Lina J},
  booktitle={International Workshop on Video Processing and Quality Metrics for Consumer Electronics (VPQM)},
  pages={37--40},
  year={2012}
}

@article{gidevisual,
  title={VISUAL ATTENTION PREDICTION FOR HIGHLY ATTENTIVE REGIONS},
  author={Gide, Milind S and Karam, Lina J}
}

@article{meining2010eye,
  title={“Eye-tracking” for assessment of image perception in gastrointestinal endoscopy with narrow-band imaging compared with white-light endoscopy},
  author={Meining, A and Atasoy, S and Chung, A and Navab, N and Yang, GZ},
  journal={Endoscopy},
  volume={42},
  number={8},
  pages={652},
  year={2010}
}

@article{wang2006modern,
  title={Modern image quality assessment},
  author={Wang, Zhou and Bovik, Alan C},
  journal={Synthesis Lectures on Image, Video, and Multimedia Processing},
  volume={2},
  number={1},
  pages={1--156},
  year={2006},
  publisher={Morgan \& Claypool Publishers}
}

@article{gangyi2010overview,
  title={Overview on image quality assessment methods},
  author={Gangyi, Jiang and Dajiang, Huang and Xu, Wang and Mei, Yu},
  journal={Journal of Electronics \& Information Technology},
  volume={32},
  number={1},
  pages={219--226},
  year={2010}
}

@article{bensalma2013perceptual,
  title={A perceptual metric for stereoscopic image quality assessment based on the binocular energy},
  author={Bensalma, Rafik and Larabi, Mohamed-Chaker},
  journal={Multidimensional Systems and Signal Processing},
  volume={24},
  number={2},
  pages={281--316},
  year={2013},
  publisher={Springer}
}

@inproceedings{winkler2013overview,
  title={Overview of Eye tracking Datasets.},
  author={Winkler, Stefan and Ramanathan, Subramanian},
  booktitle={QoMEX},
  pages={212--217},
  year={2013}
}

@misc{iview2009system,
  title={System Manual},
  author={iView, X},
  year={2009},
  publisher={Version}
}

@article{manual2011v3,
  title={V3. 0: Manual},
  author={Manual, Experiment Center BeGaze},
  journal={SensoMotoric Instruments GmbH},
  year={2011}
}

@misc{manualuser,
  title={User manual--Tobii Studio. Manual Version 3.2 Rev A. 11/2012. Tobii Technology AB},
  author={Manual, Tobii}
}

@article{nystrom2013influence,
  title={The influence of calibration method and eye physiology on eyetracking data quality},
  author={Nystr{\"o}m, Marcus and Andersson, Richard and Holmqvist, Kenneth and van de Weijer, Joost},
  journal={Behavior research methods},
  volume={45},
  number={1},
  pages={272--288},
  year={2013},
  publisher={Springer}
}

@book{holmqvist2011eye,
  title={Eye tracking: A comprehensive guide to methods and measures},
  author={Holmqvist, Kenneth and Nystr{\"o}m, Marcus and Andersson, Richard and Dewhurst, Richard and Jarodzka, Halszka and Van de Weijer, Joost},
  year={2011},
  publisher={Oxford University Press}
}

@book{chi2011sight,
  title={{视线追踪}},
  author={迟健男 and 王志良 and 张闯},
  year={2011},
  publisher={机械工业出版社},
  language = {chinese}
}

@article{wang2014online,
  title={Online 3D gaze localization on stereoscopic displays},
  author={Wang, Rui I and Pelfrey, Brandon and Duchowski, Andrew T and House, Donald H},
  journal={ACM Transactions on Applied Perception (TAP)},
  volume={11},
  number={1},
  pages={3},
  year={2014},
  publisher={ACM}
}

@article{essig2006neural,
  title={A neural network for 3D gaze recording with binocular eye trackers},
  author={Essig, Kai and Pomplun, Marc and Ritter, Helge},
  journal={The International Journal of Parallel, Emergent and Distributed Systems},
  volume={21},
  number={2},
  pages={79--95},
  year={2006},
  publisher={Taylor \& Francis}
}

@article{pfeiffer2008evaluation,
  title={Evaluation of binocular eye trackers and algorithms for 3D gaze interaction in virtual reality environments},
  author={Pfeiffer, Thies and Latoschik, Marc Erich and Wachsmuth, Ipke},
  journal={JVRB-Journal of Virtual Reality and Broadcasting},
  volume={5},
  number={16},
  year={2008}
}

@inproceedings{ma2015new,
  title={A new approach to create 3D fixation density maps for stereoscopic images},
  author={Ma, Baoyan and Zhou, Jun and Gu, Xiao and Wang, Mingmin and Zhang, Ya and Guo, Xiaoqiang},
  booktitle={3DTV-Conference: The True Vision-Capture, Transmission and Display of 3D Video (3DTV-CON), 2015},
  pages={1--4},
  year={2015},
  organization={IEEE}
}

@article{olsson2007real,
  title={Real-time and offline filters for eye tracking},
  author={Olsson, Pontus},
  year={2007}
}

@inproceedings{zhu2002combining,
  title={Combining Kalman filtering and mean shift for real time eye tracking under active IR illumination},
  author={Zhu, Zhiwei and Ji, Qiang and Fujimura, Kikuo and Lee, Kuangchih},
  booktitle={Pattern Recognition, 2002. Proceedings. 16th International Conference on},
  volume={4},
  pages={318--321},
  year={2002},
  organization={IEEE}
}

@article{peng2005mean,
  title={Mean shift blob tracking with kernel histogram filtering and hypothesis testing},
  author={Peng, Ning Song and Yang, Jie and Liu, Zhi},
  journal={Pattern Recognition Letters},
  volume={26},
  number={5},
  pages={605--614},
  year={2005},
  publisher={Elsevier}
}

@book{duchowski2007eye,
  title={Eye tracking methodology: Theory and practice},
  author={Duchowski, Andrew},
  volume={373},
  year={2007},
  publisher={Springer Science \& Business Media}
}

@inproceedings{salvucci2000identifying,
  title={Identifying fixations and saccades in eye-tracking protocols},
  author={Salvucci, Dario D and Goldberg, Joseph H},
  booktitle={Proceedings of the 2000 symposium on Eye tracking research \& applications},
  pages={71--78},
  year={2000},
  organization={ACM}
}

@article{engelke2013comparative,
  title={Comparative study of fixation density maps},
  author={Engelke, Ulrich and Liu, Hantao and Wang, Junle and Le Callet, Patrick and Heynderickx, Ingrid and Zepernick, Hans-Jurgen and Maeder, Andreas},
  journal={Image Processing, IEEE Transactions on},
  volume={22},
  number={3},
  pages={1121--1133},
  year={2013},
  publisher={IEEE}
}

@article{wang2013computational,
  title={Computational model of stereoscopic 3D visual saliency},
  author={Wang, Junle and DaSilva, Matthieu Perreira and LeCallet, Patrick and Ricordel, Vincent},
  journal={Image Processing, IEEE Transactions on},
  volume={22},
  number={6},
  pages={2151--2165},
  year={2013},
  publisher={IEEE}
}

@article{kim2014saliency,
  title={Saliency prediction on stereoscopic videos},
  author={Kim, Heonhwan and Lee, Sanghoon and Bovik, Alan C},
  journal={Image Processing, IEEE Transactions on},
  volume={23},
  number={4},
  pages={1476--1490},
  year={2014},
  publisher={IEEE}
}

@INPROCEEDINGS{zhang2014dataset,
  author =       {张昀 and 牟轩沁},
  title =        {视线跟踪技术的图像质量主观数据库构建及其可视化},
  booktitle =    {中国图象图形学报},
  year =         2014,
  language =     {chinese},
}

@inproceedings{ninassi2007does,
  title={Does where you gaze on an image affect your perception of quality? Applying visual attention to image quality metric},
  author={Ninassi, Alexandre and Meur, O Le and Callet, P Le and Barbba, D},
  booktitle={Image Processing, 2007. ICIP 2007. IEEE International Conference on},
  volume={2},
  pages={II--169},
  year={2007},
  organization={IEEE}
}

@article{alers2009using,
  title={Using eye tracking to assess the task effect on viewing behaviour},
  author={Alers, H and Liu, H and Bos, L and Heynderickx, I},
  journal={Perception ECVP abstract},
  volume={38},
  pages={23--23},
  year={2009},
  publisher={Pion Ltd}
}

@inproceedings{liu2009studying,
  title={Studying the added value of visual attention in objective image quality metrics based on eye movement data},
  author={Liu, Hantao and Heynderickx, Ingrid},
  booktitle={Image Processing (ICIP), 2009 16th IEEE International Conference on},
  pages={3097--3100},
  year={2009},
  organization={IEEE}
}

@article{liu2011visual,
  title={Visual attention in objective image quality assessment: based on eye-tracking data},
  author={Liu, Hantao and Heynderickx, Ingrid},
  journal={Circuits and Systems for Video Technology, IEEE Transactions on},
  volume={21},
  number={7},
  pages={971--982},
  year={2011},
  publisher={IEEE}
}

@inproceedings{larson2008can,
  title={Can visual fixation patterns improve image fidelity assessment?},
  author={Larson, Eric C and Vu, Cuong and Chandler, Damon M},
  booktitle={Image Processing, 2008. ICIP 2008. 15th IEEE International Conference on},
  pages={2572--2575},
  year={2008},
  organization={IEEE}
}

@inproceedings{arndt2014using,
  title={Using eye-tracking and correlates of brain activity to predict quality scores},
  author={Arndt, Sebastian and Radun, Jenni and Antons, Jan-Niklas and Moller, Sebastian},
  booktitle={Quality of Multimedia Experience (QoMEX), 2014 Sixth International Workshop on},
  pages={281--285},
  year={2014},
  organization={IEEE}
}

@inproceedings{jia2014no,
  title={No reference video quality assessment model based on eye tracking datas},
  author={Jia, Lixiu and Zhong, Xuefei and Tu, Yan},
  booktitle={2nd International Conference on Information, Electronics and Computer},
  year={2014},
  organization={Atlantis Press}
}

@incollection{yin2013video,
  title={Video Saliency Detection Algorithm Based on Phase and Amplitude Joint Spectrum Difference},
  author={Yin, Haibing and Tan, Jingjing and Pan, Chen and Guan, Shuang},
  booktitle={Advances in Multimedia Information Processing--PCM 2013},
  pages={180--189},
  year={2013},
  publisher={Springer}
}

@thesis{zhang2013conside,
  title =        {考虑视觉显著性的图像质量评估},
  author =       {张伟},
  school =       {西安电子科技大学},
  year =         2013,
  address =      {西安},
  language =     {chinese},
}

@inproceedings{chung2004visual,
  title={Visual feature extraction via eye tracking for saliency driven 2D/3D registration},
  author={Chung, Adrian James and Deligianni, Fani and Hu, Xiao-Peng and Yang, Guang-Zhong},
  booktitle={Proceedings of the 2004 symposium on Eye tracking research \& applications},
  pages={49--54},
  year={2004},
  organization={ACM}
}

@inproceedings{hanhart2014eyec3d,
  title={EYEC3D: 3D video eye tracking dataset},
  author={Hanhart, Philippe and Ebrahimi, Touradj},
  booktitle={Quality of Multimedia Experience (QoMEX), 2014 Sixth International Workshop on},
  pages={55--56},
  year={2014},
  organization={IEEE}
}

@article{liu2010dichotomy,
  title={Dichotomy between luminance and disparity features at binocular fixations},
  author={Liu, Yang and Cormack, Lawrence K and Bovik, Alan C},
  journal={Journal of vision},
  volume={10},
  number={12},
  pages={23},
  year={2010},
  publisher={Association for Research in Vision and Ophthalmology}
}

@article{hubel1962receptive,
  title={Receptive fields, binocular interaction and functional architecture in the cat's visual cortex},
  author={Hubel, David H and Wiesel, Torsten N},
  journal={The Journal of physiology},
  volume={160},
  number={1},
  pages={106},
  year={1962},
  publisher={Blackwell Publishing}
}

@article{barlow1967neural,
  title={The neural mechanism of binocular depth discrimination},
  author={Barlow, Horace B and Blakemore, Colin and Pettigrew, John D},
  journal={The Journal of physiology},
  volume={193},
  number={2},
  pages={327--342},
  year={1967},
  publisher={Wiley Online Library}
}

@article{fleet1996neural,
  title={Neural encoding of binocular disparity: energy models, position shifts and phase shifts},
  author={Fleet, David J and Wagner, Hermann and Heeger, David J},
  journal={Vision research},
  volume={36},
  number={12},
  pages={1839--1857},
  year={1996},
  publisher={Elsevier}
}

@article{nikara1968analysis,
  title={Analysis of retinal correspondence by studying receptive fields of rinocular single units in cat striate cortex},
  author={Nikara, T and Bishop, PO and Pettigrew, JD},
  journal={Experimental Brain Research},
  volume={6},
  number={4},
  pages={353--372},
  year={1968},
  publisher={Springer}
}

@article{pettigrew1968binocular,
  title={Binocular interaction on single units in cat striate cortex: simultaneous stimulation by single moving slit with receptive fields in correspondence},
  author={Pettigrew, JD and Nikara, T and Bishop, PO},
  journal={Experimental Brain Research},
  volume={6},
  number={4},
  pages={391--410},
  year={1968},
  publisher={Springer}
}

@article{anzai1999neural,
  title={Neural mechanisms for encoding binocular disparity: receptive field position versus phase},
  author={Anzai, Akiyuki and Ohzawa, Izumi and Freeman, Ralph D},
  journal={Journal of Neurophysiology},
  volume={82},
  number={2},
  pages={874--890},
  year={1999},
  publisher={Am Physiological Soc}
}

@book{zhu20143d,
  title={3d-tv System with Depth-image-based Rendering},
  author={Zhu, Ce and Zhao, Yin and Yu, Lu and Tanimoto, Masayuki},
  year={2014},
  publisher={Springer}
}

@book{liu2010scene,
  title={Scene statistics in 3D natural environments},
  author={Liu, Yang},
  year={2010},
  publisher={University of Texas at Austin}
}

@article{howarth2011geometric,
  title={The geometric horopter},
  author={Howarth, PA},
  journal={Vision research},
  volume={51},
  number={4},
  pages={397--399},
  year={2011},
  publisher={Elsevier}
}

@misc{itu500,
  title={500-12 methodology for the subjective assessment of the quality of television pictures-IHS, inc},
  author={ITU-r, BT}
}

@article{scholkopf2000new,
  title={New support vector algorithms},
  author={Sch{\"o}lkopf, Bernhard and Smola, Alex J and Williamson, Robert C and Bartlett, Peter L},
  journal={Neural computation},
  volume={12},
  number={5},
  pages={1207--1245},
  year={2000},
  publisher={MIT Press}
}

@article{gu2015using,
  title={Using free energy principle for blind image quality assessment},
  author={Gu, Ke and Zhai, Guangtao and Yang, Xiaokang and Zhang, Wenjun},
  journal={Multimedia, IEEE Transactions on},
  volume={17},
  number={1},
  pages={50--63},
  year={2015},
  publisher={IEEE}
}

@book{lancaster1986curve,
  title={Curve and surface fitting},
  author={Lancaster, Peter and Salkauskas, Kestutis},
  year={1986},
  publisher={Academic press}
}

@article{zhang2014application,
  title={应用眼动仪评价观看立体显示视频诱导的视疲劳程度的实验研究},
  author={张莉 and 任杰 and 徐亮 and 张景尚 and 赵晶},
  journal={眼科},
  volume={23},
  pages={37--42},
  year={2014},
  language = {chinese}
}

@inproceedings{zhang2015visual,
  title={Visual comfort assessment of stereoscopic images with multiple salient objects},
  author={Zhang, Xiaonan and Zhou, Jun and Chen, Jianyu and Guo, Xiaoqiang and Zhang, Ya and Gu, Xiao},
  booktitle={Broadband Multimedia Systems and Broadcasting (BMSB), 2015 IEEE International Symposium on},
  pages={1--6},
  year={2015},
  organization={IEEE}
}

@article{scharstein2002taxonomy,
  title={A taxonomy and evaluation of dense two-frame stereo correspondence algorithms},
  author={Scharstein, Daniel and Szeliski, Richard},
  journal={International journal of computer vision},
  volume={47},
  number={1-3},
  pages={7--42},
  year={2002},
  publisher={Springer}
}

@inproceedings{gangwal2009depth,
  title={Depth map post-processing for 3D-TV},
  author={Gangwal, Om Prakash and Berretty, Robert-Paul},
  booktitle={Consumer Electronics, 2009. ICCE'09. Digest of Technical Papers International Conference on},
  pages={1--2},
  year={2009},
  organization={IEEE}
}

@inproceedings{zhou2015depth,
  title={A depth map estimation approach for trinocular stereo},
  author={Zhou, Jun and Wang, Ling and Gu, Xiao and Xu, Kang and Zhang, Ya},
  booktitle={Broadband Multimedia Systems and Broadcasting (BMSB), 2015 IEEE International Symposium on},
  pages={1--6},
  year={2015},
  organization={IEEE}
}

@article{coutant1993population,
  title={Population distribution of stereoscopic ability},
  author={Coutant, Ben E and Westheimer, Gerald},
  journal={Ophthalmic and Physiological Optics},
  volume={13},
  number={1},
  pages={3--7},
  year={1993},
  publisher={Wiley Online Library}
}

@article{lambooij2009visual,
  title={Visual discomfort and visual fatigue of stereoscopic displays: a review},
  author={Lambooij, Marc and Fortuin, Marten and Heynderickx, Ingrid and IJsselsteijn, Wijnand},
  journal={Journal of Imaging Science and Technology},
  volume={53},
  number={3},
  pages={30201--1},
  year={2009},
  publisher={Society for Imaging Science and Technology}
}

@article{westheimer1979cooperative,
  title={Cooperative neural processes involved in stereoscopic acuity},
  author={Westheimer, G},
  journal={Experimental Brain Research},
  volume={36},
  number={3},
  pages={585--597},
  year={1979},
  publisher={Springer}
}

@article{filippini2009limits,
  title={Limits of stereopsis explained by local cross-correlation},
  author={Filippini, Heather R and Banks, Martin S},
  journal={Journal of Vision},
  volume={9},
  number={1},
  pages={8},
  year={2009},
  publisher={Association for Research in Vision and Ophthalmology}
}

@inproceedings{goldmann2010comprehensive,
  title={A comprehensive database and subjective evaluation methodology for quality of experience in stereoscopic video},
  author={Goldmann, Lutz and De Simone, Francesca and Ebrahimi, Touradj},
  booktitle={IS\&T/SPIE Electronic Imaging},
  pages={75260S--75260S},
  year={2010},
  organization={International Society for Optics and Photonics}
}

@article{galkandage2015full,
  title={A full-reference stereoscopic image quality metric based on binocular energy and regression analysis},
  author={Galkandage, C and Calic, J and De Silva, V and Dogan, S},
  year={2015},
  publisher={{\copyright} The Crown. Published by the IEEE}
}

@article{recommendation2002500,
  title={500-11,“Methodology for the Subjective Assessment of the Quality of Television Pictures,” Recommendation ITU-R BT. 500-11},
  author={Recommendation, ITURBT},
  journal={ITU Telecom. Standardization Sector of ITU},
  year={2002}
}

@article{recommendation1438,
  title={1438,“SUBJECTIVE  ASSESSMENT  OF  STEREOSCOPIC  TELEVISION  PICTURES,” RECOMMENDATION  ITU-R  BT.1438},
  author={Recommendation, ITURBT},
  journal={ITU Telecom. Standardization Sector of ITU},
  year={2000}
}

@inproceedings{watson1993dctune,
  title={DCTune: A technique for visual optimization of DCT quantization matrices for individual images},
  author={Watson, Andrew B},
  booktitle={Sid International Symposium Digest of Technical Papers},
  volume={24},
  pages={946--946},
  year={1993},
  organization={SOCIETY FOR INFORMATION DISPLAY}
}

@article{miyahara1998objective,
  title={Objective picture quality scale (PQS) for image coding},
  author={Miyahara, Makoto and Kotani, Kazunori and Algazi, V Ralph},
  journal={Communications, IEEE Transactions on},
  volume={46},
  number={9},
  pages={1215--1226},
  year={1998},
  publisher={IEEE}
}

@inproceedings{you2010perceptual,
  title={Perceptual quality assessment for stereoscopic images based on 2D image quality metrics and disparity analysis},
  author={You, Junyong and Xing, Liyuan and Perkis, Andrew and Wang, Xu},
  booktitle={Proc. of International Workshop on Video Processing and Quality Metrics for Consumer Electronics, Scottsdale, AZ, USA},
  year={2010}
}

@inproceedings{tikanmaki2008quality,
  title={Quality assessment of 3D video in rate allocation experiments},
  author={Tikanmaki, A and Gotchev, A and Smolic, A and Miller, Kieran},
  booktitle={Consumer Electronics, 2008. ISCE 2008. IEEE International Symposium on},
  pages={1--4},
  year={2008},
  organization={IEEE}
}

@article{meesters2004survey,
  title={A survey of perceptual evaluations and requirements of three-dimensional TV},
  author={Meesters, Lydia MJ and Ijsselsteijn, Wijnand and Seunti{\"e}ns, Pieter JH and others},
  journal={Circuits and Systems for Video Technology, IEEE Transactions on},
  volume={14},
  number={3},
  pages={381--391},
  year={2004},
  publisher={IEEE}
}

@inproceedings{cheng20053d,
  title={A 3D perceptual metric using just-noticeable-difference},
  author={Cheng, Irene and Boulanger, Pierre},
  booktitle={Proc. of Eurographics},
  pages={97--100},
  year={2005},
  organization={Citeseer}
}

@inproceedings{holliman2007application,
  title={An application driven comparison of depth perception on desktop 3D displays},
  author={Holliman, Nick and Froner, Barbara and Liversedge, Simon},
  booktitle={Electronic Imaging 2007},
  pages={64900H--64900H},
  year={2007},
  organization={International Society for Optics and Photonics}
}

@article{engelke2011visual,
  title={Visual attention in quality assessment},
  author={Engelke, Ulrich and Kaprykowsky, Hagen and Zepernick, Hans-J{\"u}rgen and Ndjiki-Nya, Patrick},
  journal={Signal Processing Magazine, IEEE},
  volume={28},
  number={6},
  pages={50--59},
  year={2011},
  publisher={IEEE}
}

@inproceedings{hachicha2013stereo,
  title={Stereo image quality assessment using a binocular just noticeable difference model},
  author={Hachicha, Walid and Beghdadi, Azeddine and Cheikh, Faouzi Alaya},
  booktitle={Image Processing (ICIP), 2013 20th IEEE International Conference on},
  pages={113--117},
  year={2013},
  organization={IEEE}
}

@article{ryu2014no,
  title={No-reference quality assessment for stereoscopic images based on binocular quality perception},
  author={Ryu, Seungchul and Sohn, Kwanghoon},
  journal={Circuits and Systems for Video Technology, IEEE Transactions on},
  volume={24},
  number={4},
  pages={591--602},
  year={2014},
  publisher={IEEE}
}

@article{atchison2000optics,
  title={Optics of the human eye},
  author={Atchison, David A and Smith, George and Smith, George},
  year={2000},
  publisher={Butterworth-Heinemann Oxford}
}

@article{benoit2008quality,
  title={Quality assessment of stereoscopic images},
  author={Benoit, Alexandre and Le Callet, Patrick and Campisi, Patrizio and Cousseau, Romain},
  journal={EURASIP journal on image and video processing},
  volume={2008},
  pages={Article--ID},
  year={2008}
}

@article{moorthy2013subjective,
  title={Subjective evaluation of stereoscopic image quality},
  author={Moorthy, Anush Krishna and Su, Che-Chun and Mittal, Anish and Bovik, Alan Conrad},
  journal={Signal Processing: Image Communication},
  volume={28},
  number={8},
  pages={870--883},
  year={2013},
  publisher={Elsevier}
}
